<?xml version="1.0" encoding="UTF-8"?>
<collection xmlns:xsi="http://www.w3.org/2001/XMLSchema-instance" xsi:schemaLocation="http://www.loc.gov/MARC21/slim http://www.loc.gov/standards/marcxml/schema/MARC21slim.xsd" xmlns="http://www.loc.gov/MARC21/slim">
<record>
  <leader>01374cam a2200301Ma 4500</leader>
  <controlfield tag="001">3169715</controlfield>
  <controlfield tag="003">NNC</controlfield>
  <controlfield tag="005">20151221160457.0</controlfield>
  <controlfield tag="008">890619s1853    ua           f000 0 ara  </controlfield>
  <datafield tag="010" ind1=" " ind2=" ">
    <subfield code="a">   59049544 </subfield>
  </datafield>
  <datafield tag="035" ind1=" " ind2=" ">
    <subfield code="a">(OCoLC)ocm23483580</subfield>
  </datafield>
  <datafield tag="035" ind1=" " ind2=" ">
    <subfield code="9">AUB0953CU</subfield>
  </datafield>
  <datafield tag="035" ind1=" " ind2=" ">
    <subfield code="a">(NNC)3169715</subfield>
  </datafield>
  <datafield tag="040" ind1=" " ind2=" ">
    <subfield code="a">DLC</subfield>
    <subfield code="c">EYM</subfield>
    <subfield code="d">ZCU</subfield>
  </datafield>
  <datafield tag="043" ind1=" " ind2=" ">
    <subfield code="a">f-ua---</subfield>
  </datafield>
  <datafield tag="050" ind1=" " ind2="4">
    <subfield code="a">DT46</subfield>
    <subfield code="b">.M3 1853</subfield>
  </datafield>
  <datafield tag="099" ind1=" " ind2=" ">
    <subfield code="a">893.7M281</subfield>
    <subfield code="a">O1</subfield>
  </datafield>
  <datafield tag="100" ind1="1" ind2=" ">
    <subfield code="a">Maqrīzī, Aḥmad ibn ʻAlī,</subfield>
    <subfield code="d">1364-1442.</subfield>
  </datafield>
  <datafield tag="245" ind1="1" ind2="0">
    <subfield code="a">Kitāb al-mawāʻiẓ wa-al-iʻtibār bi-dhikr al-khiṭaṭ wa-al-athār, yakhtaṣṣu dhālika bi-akhbār iqlīm Miṣr wa-al-Nīl wa-dhikr al-Qāhirah wa-mā yataʻalliqu bihā wa-bi-iqlīmihā /</subfield>
    <subfield code="c">taʾlīf Taqī al-Dīn Aḥmad ibn ʻAlī ibn ʻAbd al-Qādir ibn Muḥammad al-maʻrūf bi-al-Maqrīzī.</subfield>
  </datafield>
  <datafield tag="260" ind1=" " ind2=" ">
    <subfield code="a">Būlāq al-Qāhirah :</subfield>
    <subfield code="b">Dār al-Ṭibāʻah al-Miṣrīyah,</subfield>
    <subfield code="c">1270 [1853]. --</subfield>
  </datafield>
  <datafield tag="300" ind1=" " ind2=" ">
    <subfield code="a">2 v. ;</subfield>
    <subfield code="c">33 cm.</subfield>
  </datafield>
  <datafield tag="500" ind1=" " ind2=" ">
    <subfield code="a">Edited by Muḥammad ibn ʻAbd al-Raḥmān Quṭṭah al-ʻAdawī. f. colophon.</subfield>
  </datafield>
  <datafield tag="500" ind1=" " ind2=" ">
    <subfield code="a">Vol. 2 has title: al-Juzʾ al-thānī min Kitāb al-khiṭaṭ wa-al-āthār fī Miṣr wa-al-Qāhirah wa-al-Nīl wa-mā yataʻalliqu bihā.</subfield>
  </datafield>
  <datafield tag="651" ind1=" " ind2="0">
    <subfield code="a">Egypt.</subfield>
  </datafield>
  <datafield tag="740" ind1="0" ind2=" ">
    <subfield code="a">Mawāʻiẓ wa-al-iʻtibār.</subfield>
  </datafield>
  <datafield tag="740" ind1="0" ind2=" ">
    <subfield code="a">Kitāb al-khiṭaṭ wa-āthār.</subfield>
  </datafield>
  <datafield tag="740" ind1="0" ind2=" ">
    <subfield code="a">Khiṭaṭ wa-al-āthār.</subfield>
  </datafield>
  <datafield tag="955" ind1=" " ind2=" ">
    <subfield code="b">0039176177</subfield>
    <subfield code="d">glx</subfield>
    <subfield code="e">893.7M281 O1</subfield>
    <subfield code="v">v.1</subfield>
  </datafield>
</record>
</collection>